%%% BIBLIOGRAPHY %%%


%Isochrone Population Model
@ARTICLE{2012MNRAS.427..127B,
       author = {{Bressan}, Alessandro and {Marigo}, Paola and {Girardi}, L{\'e}o. and {Salasnich}, Bernardo and {Dal Cero}, Claudia and {Rubele}, Stefano and {Nanni}, Ambra},
        title = "{PARSEC: stellar tracks and isochrones with the PAdova and TRieste Stellar Evolution Code}",
      journal = {\mnras},
     keywords = {stars: evolution, Hertzsprung{\ensuremath{-}}Russell and colour magnitude diagrams, stars: interiors, stars: low-mass, Astrophysics - Solar and Stellar Astrophysics},
         year = 2012,
        month = nov,
       volume = {427},
       number = {1},
        pages = {127-145},
          doi = {10.1111/j.1365-2966.2012.21948.x},
archivePrefix = {arXiv},
       eprint = {1208.4498},
 primaryClass = {astro-ph.SR},
       adsurl = {https://ui.adsabs.harvard.edu/abs/2012MNRAS.427..127B},
      adsnote = {Provided by the SAO/NASA Astrophysics Data System}
}

% APASS
@ARTICLE{2016yCat,
       author = {{Henden}, A.~A. and {Templeton}, M. and {Terrell}, D. and {Smith}, T.~C. and {Levine}, S. and {Welch}, D.},
        title = "{VizieR Online Data Catalog: AAVSO Photometric All Sky Survey (APASS) DR9 (Henden+, 2016)}",
      journal = {VizieR Online Data Catalog},
     keywords = {Stars: variable, Photometry: UBV, Photometry: SDSS},
         year = 2016,
        month = jan,
          eid = {II/336},
        pages = {II/336},
       adsurl = {https://ui.adsabs.harvard.edu/abs/2016yCat.2336....0H},
      adsnote = {Provided by the SAO/NASA Astrophysics Data System}
}
